{
  "name": "Tata Power Company Ltd",
  "description": "Tata Power Co. \u00b7 Mkt Cap: 1,19,538 Crore (up 11.0% in 1 year) \u00b7 Revenue: 64,624 Cr \u00b7 Profit: 5,008 Cr \u00b7 Stock is trading at 3.17 times its book value \u00b7 Company has a low return on equity of 11.6% over last 3 years. \u00b7 Promoter Holding: 46.9%",
  "current_price": 374.0,
  "key_ratios": {
    "market_cap": 119538.0,
    "current_price": 374.0,
    "high_low": 326.0,
    "pe_ratio": 31.6,
    "book_value": 118.0,
    "dividend_yield": 0.6,
    "roce": 10.8,
    "roe": 11.0,
    "face_value": 1.0
  },
  "company_details": {},
  "financials": {
    "income_statement": {
      "2014-03-31": {
        "Total Revenue": 35726.0,
        "Total Expenses": 28810.0,
        "EBIT": 6916.0,
        "OPM_Percent": 19.0,
        "Other Income": 229.0,
        "Interest Expense": 3440.0,
        "Depreciation": 2730.0,
        "Profit Before Tax": 975.0,
        "Tax_Percent": 103.0,
        "Net Income": 12.0,
        "Basic EPS": -0.96,
        "Dividend Payout Percent": -114.0,
        "Gross Profit": 6916.0
      },
      "2015-03-31": {
        "Total Revenue": 33593.0,
        "Total Expenses": 27292.0,
        "EBIT": 6301.0,
        "OPM_Percent": 19.0,
        "Other Income": 1056.0,
        "Interest Expense": 3699.0,
        "Depreciation": 2174.0,
        "Profit Before Tax": 1484.0,
        "Tax_Percent": 72.0,
        "Net Income": 457.0,
        "Basic EPS": 0.62,
        "Dividend Payout Percent": 210.0,
        "Gross Profit": 6301.0
      },
      "2016-03-31": {
        "Total Revenue": 29494.0,
        "Total Expenses": 27389.0,
        "EBIT": 2105.0,
        "OPM_Percent": 7.0,
        "Other Income": 4060.0,
        "Interest Expense": 3236.0,
        "Depreciation": 1649.0,
        "Profit Before Tax": 1281.0,
        "Tax_Percent": 53.0,
        "Net Income": 786.0,
        "Basic EPS": 2.45,
        "Dividend Payout Percent": 53.0,
        "Gross Profit": 2105.0
      },
      "2017-03-31": {
        "Total Revenue": 27588.0,
        "Total Expenses": 22114.0,
        "EBIT": 5473.0,
        "OPM_Percent": 20.0,
        "Other Income": 1297.0,
        "Interest Expense": 3365.0,
        "Depreciation": 1956.0,
        "Profit Before Tax": 1450.0,
        "Tax_Percent": 24.0,
        "Net Income": 1100.0,
        "Basic EPS": 3.31,
        "Dividend Payout Percent": 39.0,
        "Gross Profit": 5474.0
      },
      "2018-03-31": {
        "Total Revenue": 26840.0,
        "Total Expenses": 21833.0,
        "EBIT": 5007.0,
        "OPM_Percent": 19.0,
        "Other Income": 3873.0,
        "Interest Expense": 3761.0,
        "Depreciation": 2346.0,
        "Profit Before Tax": 2773.0,
        "Tax_Percent": 6.0,
        "Net Income": 2611.0,
        "Basic EPS": 8.9,
        "Dividend Payout Percent": 15.0,
        "Gross Profit": 5007.0
      },
      "2019-03-31": {
        "Total Revenue": 29881.0,
        "Total Expenses": 23449.0,
        "EBIT": 6432.0,
        "OPM_Percent": 22.0,
        "Other Income": 3824.0,
        "Interest Expense": 4170.0,
        "Depreciation": 2393.0,
        "Profit Before Tax": 3693.0,
        "Tax_Percent": 29.0,
        "Net Income": 2606.0,
        "Basic EPS": 8.71,
        "Dividend Payout Percent": 15.0,
        "Gross Profit": 6432.0
      },
      "2020-03-31": {
        "Total Revenue": 29136.0,
        "Total Expenses": 22331.0,
        "EBIT": 6805.0,
        "OPM_Percent": 23.0,
        "Other Income": 2280.0,
        "Interest Expense": 4494.0,
        "Depreciation": 2634.0,
        "Profit Before Tax": 1958.0,
        "Tax_Percent": 33.0,
        "Net Income": 1316.0,
        "Basic EPS": 3.76,
        "Dividend Payout Percent": 41.0,
        "Gross Profit": 6805.0
      },
      "2021-03-31": {
        "Total Revenue": 32703.0,
        "Total Expenses": 25782.0,
        "EBIT": 6921.0,
        "OPM_Percent": 21.0,
        "Other Income": 1775.0,
        "Interest Expense": 4010.0,
        "Depreciation": 2745.0,
        "Profit Before Tax": 1941.0,
        "Tax_Percent": 26.0,
        "Net Income": 1439.0,
        "Basic EPS": 3.53,
        "Dividend Payout Percent": 44.0,
        "Gross Profit": 6921.0
      },
      "2022-03-31": {
        "Total Revenue": 42816.0,
        "Total Expenses": 35785.0,
        "EBIT": 7031.0,
        "OPM_Percent": 16.0,
        "Other Income": 2486.0,
        "Interest Expense": 3859.0,
        "Depreciation": 3122.0,
        "Profit Before Tax": 2535.0,
        "Tax_Percent": 15.0,
        "Net Income": 2156.0,
        "Basic EPS": 5.45,
        "Dividend Payout Percent": 32.0,
        "Gross Profit": 7031.0
      },
      "2023-03-31": {
        "Total Revenue": 55109.0,
        "Total Expenses": 47381.0,
        "EBIT": 7728.0,
        "OPM_Percent": 14.0,
        "Other Income": 5540.0,
        "Interest Expense": 4372.0,
        "Depreciation": 3439.0,
        "Profit Before Tax": 5457.0,
        "Tax_Percent": 30.0,
        "Net Income": 3810.0,
        "Basic EPS": 10.44,
        "Dividend Payout Percent": 19.0,
        "Gross Profit": 7728.0
      },
      "2024-03-31": {
        "Total Revenue": 61449.0,
        "Total Expenses": 50714.0,
        "EBIT": 10735.0,
        "OPM_Percent": 17.0,
        "Other Income": 3416.0,
        "Interest Expense": 4633.0,
        "Depreciation": 3786.0,
        "Profit Before Tax": 5732.0,
        "Tax_Percent": 25.0,
        "Net Income": 4280.0,
        "Basic EPS": 11.57,
        "Dividend Payout Percent": 17.0,
        "Gross Profit": 10735.0
      },
      "2025-03-31": {
        "Total Revenue": 65478.0,
        "Total Expenses": 53313.0,
        "EBIT": 12166.0,
        "OPM_Percent": 19.0,
        "Other Income": 2973.0,
        "Interest Expense": 4702.0,
        "Depreciation": 4117.0,
        "Profit Before Tax": 6320.0,
        "Tax_Percent": 24.0,
        "Net Income": 4775.0,
        "Basic EPS": 12.43,
        "Dividend Payout Percent": 20.0,
        "Gross Profit": 12165.0
      }
    },
    "balance_sheet": {
      "2014-03-31": {
        "Equity Capital": 237.0,
        "Reserves": 12164.0,
        "Total Debt": 40173.0,
        "Other Liabilities": 18810.0,
        "Total Liabilities": 71383.0,
        "Fixed Assets": 43394.0,
        "CWIP": 3389.0,
        "Investments": 3019.0,
        "Other Assets": 21582.0,
        "Total Assets": 71383.0,
        "Stockholders Equity": 12401.0,
        "Retained Earnings": 12164.0,
        "Long Term Debt": 40173.0,
        "Current Assets": 21582.0,
        "Current Liabilities": 18810.0,
        "Total Liabilities Net Minority Interest": 71383.0,
        "Ordinary Shares Number": 2370000000.0
      },
      "2015-03-31": {
        "Equity Capital": 270.0,
        "Reserves": 14048.0,
        "Total Debt": 40607.0,
        "Other Liabilities": 20260.0,
        "Total Liabilities": 75185.0,
        "Fixed Assets": 44726.0,
        "CWIP": 3323.0,
        "Investments": 3445.0,
        "Other Assets": 23692.0,
        "Total Assets": 75185.0,
        "Stockholders Equity": 14318.0,
        "Retained Earnings": 14048.0,
        "Long Term Debt": 40607.0,
        "Current Assets": 23692.0,
        "Current Liabilities": 20260.0,
        "Total Liabilities Net Minority Interest": 75185.0,
        "Ordinary Shares Number": 2700000000.0
      },
      "2016-03-31": {
        "Equity Capital": 270.0,
        "Reserves": 11363.0,
        "Total Debt": 38849.0,
        "Other Liabilities": 19575.0,
        "Total Liabilities": 70057.0,
        "Fixed Assets": 36414.0,
        "CWIP": 1345.0,
        "Investments": 11785.0,
        "Other Assets": 20513.0,
        "Total Assets": 70057.0,
        "Stockholders Equity": 11633.0,
        "Retained Earnings": 11363.0,
        "Long Term Debt": 38849.0,
        "Current Assets": 20513.0,
        "Current Liabilities": 19575.0,
        "Total Liabilities Net Minority Interest": 70057.0,
        "Ordinary Shares Number": 2700000000.0
      },
      "2017-03-31": {
        "Equity Capital": 270.0,
        "Reserves": 12944.0,
        "Total Debt": 48815.0,
        "Other Liabilities": 20799.0,
        "Total Liabilities": 82829.0,
        "Fixed Assets": 46595.0,
        "CWIP": 2178.0,
        "Investments": 11873.0,
        "Other Assets": 22184.0,
        "Total Assets": 82829.0,
        "Stockholders Equity": 13214.0,
        "Retained Earnings": 12944.0,
        "Long Term Debt": 48815.0,
        "Current Assets": 22184.0,
        "Current Liabilities": 20799.0,
        "Total Liabilities Net Minority Interest": 82829.0,
        "Ordinary Shares Number": 2700000000.0
      },
      "2018-03-31": {
        "Equity Capital": 270.0,
        "Reserves": 16129.0,
        "Total Debt": 48589.0,
        "Other Liabilities": 16903.0,
        "Total Liabilities": 81892.0,
        "Fixed Assets": 44656.0,
        "CWIP": 1653.0,
        "Investments": 12429.0,
        "Other Assets": 23154.0,
        "Total Assets": 81892.0,
        "Stockholders Equity": 16399.0,
        "Retained Earnings": 16129.0,
        "Long Term Debt": 48589.0,
        "Current Assets": 23154.0,
        "Current Liabilities": 16903.0,
        "Total Liabilities Net Minority Interest": 81892.0,
        "Ordinary Shares Number": 2700000000.0
      },
      "2019-03-31": {
        "Equity Capital": 270.0,
        "Reserves": 18035.0,
        "Total Debt": 48506.0,
        "Other Liabilities": 17262.0,
        "Total Liabilities": 84073.0,
        "Fixed Assets": 44305.0,
        "CWIP": 2576.0,
        "Investments": 13542.0,
        "Other Assets": 23651.0,
        "Total Assets": 84073.0,
        "Stockholders Equity": 18305.0,
        "Retained Earnings": 18035.0,
        "Long Term Debt": 48506.0,
        "Current Assets": 23651.0,
        "Current Liabilities": 17262.0,
        "Total Liabilities Net Minority Interest": 84073.0,
        "Ordinary Shares Number": 2700000000.0
      },
      "2020-03-31": {
        "Equity Capital": 270.0,
        "Reserves": 19296.0,
        "Total Debt": 51936.0,
        "Other Liabilities": 18172.0,
        "Total Liabilities": 89674.0,
        "Fixed Assets": 47666.0,
        "CWIP": 1612.0,
        "Investments": 14535.0,
        "Other Assets": 25861.0,
        "Total Assets": 89674.0,
        "Stockholders Equity": 19566.0,
        "Retained Earnings": 19296.0,
        "Long Term Debt": 51936.0,
        "Current Assets": 25861.0,
        "Current Liabilities": 18172.0,
        "Total Liabilities Net Minority Interest": 89674.0,
        "Ordinary Shares Number": 2700000000.0
      },
      "2021-03-31": {
        "Equity Capital": 320.0,
        "Reserves": 22003.0,
        "Total Debt": 46708.0,
        "Other Liabilities": 29625.0,
        "Total Liabilities": 98655.0,
        "Fixed Assets": 52179.0,
        "CWIP": 3270.0,
        "Investments": 13149.0,
        "Other Assets": 30056.0,
        "Total Assets": 98655.0,
        "Stockholders Equity": 22323.0,
        "Retained Earnings": 22003.0,
        "Long Term Debt": 46708.0,
        "Current Assets": 30056.0,
        "Current Liabilities": 29625.0,
        "Total Liabilities Net Minority Interest": 98655.0,
        "Ordinary Shares Number": 3200000000.0
      },
      "2022-03-31": {
        "Equity Capital": 320.0,
        "Reserves": 22122.0,
        "Total Debt": 51195.0,
        "Other Liabilities": 38913.0,
        "Total Liabilities": 112550.0,
        "Fixed Assets": 57389.0,
        "CWIP": 4635.0,
        "Investments": 14160.0,
        "Other Assets": 36365.0,
        "Total Assets": 112550.0,
        "Stockholders Equity": 22442.0,
        "Retained Earnings": 22122.0,
        "Long Term Debt": 51195.0,
        "Current Assets": 36365.0,
        "Current Liabilities": 38913.0,
        "Total Liabilities Net Minority Interest": 112550.0,
        "Ordinary Shares Number": 3200000000.0
      },
      "2023-03-31": {
        "Equity Capital": 320.0,
        "Reserves": 28468.0,
        "Total Debt": 52923.0,
        "Other Liabilities": 46386.0,
        "Total Liabilities": 128096.0,
        "Fixed Assets": 61747.0,
        "CWIP": 5376.0,
        "Investments": 16670.0,
        "Other Assets": 44303.0,
        "Total Assets": 128096.0,
        "Stockholders Equity": 28788.0,
        "Retained Earnings": 28468.0,
        "Long Term Debt": 52923.0,
        "Current Assets": 44303.0,
        "Current Liabilities": 46386.0,
        "Total Liabilities Net Minority Interest": 128096.0,
        "Ordinary Shares Number": 3200000000.0
      },
      "2024-03-31": {
        "Equity Capital": 320.0,
        "Reserves": 32036.0,
        "Total Debt": 53689.0,
        "Other Liabilities": 53010.0,
        "Total Liabilities": 139054.0,
        "Fixed Assets": 67210.0,
        "CWIP": 11561.0,
        "Investments": 16316.0,
        "Other Assets": 43968.0,
        "Total Assets": 139054.0,
        "Stockholders Equity": 32356.0,
        "Retained Earnings": 32036.0,
        "Long Term Debt": 53689.0,
        "Current Assets": 43968.0,
        "Current Liabilities": 53010.0,
        "Total Liabilities Net Minority Interest": 139054.0,
        "Ordinary Shares Number": 3200000000.0
      },
      "2025-03-31": {
        "Equity Capital": 320.0,
        "Reserves": 35521.0,
        "Total Debt": 62866.0,
        "Other Liabilities": 57487.0,
        "Total Liabilities": 156193.0,
        "Fixed Assets": 78374.0,
        "CWIP": 12679.0,
        "Investments": 16316.0,
        "Other Assets": 48824.0,
        "Total Assets": 156193.0,
        "Stockholders Equity": 35841.0,
        "Retained Earnings": 35521.0,
        "Long Term Debt": 62866.0,
        "Current Assets": 48824.0,
        "Current Liabilities": 57487.0,
        "Total Liabilities Net Minority Interest": 156193.0,
        "Ordinary Shares Number": 3200000000.0
      },
      "2025-09-30": {
        "Equity Capital": 320.0,
        "Reserves": 37370.0,
        "Total Debt": 70083.0,
        "Other Liabilities": 56028.0,
        "Total Liabilities": 163801.0,
        "Fixed Assets": 79210.0,
        "CWIP": 15943.0,
        "Investments": 17025.0,
        "Other Assets": 51622.0,
        "Total Assets": 163801.0,
        "Stockholders Equity": 37690.0,
        "Retained Earnings": 37370.0,
        "Long Term Debt": 70083.0,
        "Current Assets": 51622.0,
        "Current Liabilities": 56028.0,
        "Total Liabilities Net Minority Interest": 163801.0,
        "Ordinary Shares Number": 3200000000.0
      }
    },
    "cashflow": {
      "2014-03-31": {
        "Operating Cash Flow": 6483.0,
        "Investing Cash Flow": -3609.0,
        "Financing Cash Flow": -3265.0,
        "Net Cash Flow": -392.0
      },
      "2015-03-31": {
        "Operating Cash Flow": 5981.0,
        "Investing Cash Flow": -3865.0,
        "Financing Cash Flow": -2239.0,
        "Net Cash Flow": -123.0
      },
      "2016-03-31": {
        "Operating Cash Flow": 7415.0,
        "Investing Cash Flow": -1805.0,
        "Financing Cash Flow": -6183.0,
        "Net Cash Flow": -574.0
      },
      "2017-03-31": {
        "Operating Cash Flow": 7014.0,
        "Investing Cash Flow": -7373.0,
        "Financing Cash Flow": 937.0,
        "Net Cash Flow": 579.0
      },
      "2018-03-31": {
        "Operating Cash Flow": 6364.0,
        "Investing Cash Flow": -1512.0,
        "Financing Cash Flow": -4726.0,
        "Net Cash Flow": 126.0
      },
      "2019-03-31": {
        "Operating Cash Flow": 4574.0,
        "Investing Cash Flow": -272.0,
        "Financing Cash Flow": -5184.0,
        "Net Cash Flow": -883.0
      },
      "2020-03-31": {
        "Operating Cash Flow": 7375.0,
        "Investing Cash Flow": -493.0,
        "Financing Cash Flow": -5110.0,
        "Net Cash Flow": 1773.0
      },
      "2021-03-31": {
        "Operating Cash Flow": 8345.0,
        "Investing Cash Flow": 993.0,
        "Financing Cash Flow": -7603.0,
        "Net Cash Flow": 1736.0
      },
      "2022-03-31": {
        "Operating Cash Flow": 6693.0,
        "Investing Cash Flow": -6250.0,
        "Financing Cash Flow": -1183.0,
        "Net Cash Flow": -741.0
      },
      "2023-03-31": {
        "Operating Cash Flow": 7166.0,
        "Investing Cash Flow": -7263.0,
        "Financing Cash Flow": 1341.0,
        "Net Cash Flow": 1243.0
      },
      "2024-03-31": {
        "Operating Cash Flow": 12504.0,
        "Investing Cash Flow": -8935.0,
        "Financing Cash Flow": -4497.0,
        "Net Cash Flow": -928.0
      },
      "2025-03-31": {
        "Operating Cash Flow": 12680.0,
        "Investing Cash Flow": -15436.0,
        "Financing Cash Flow": 4292.0,
        "Net Cash Flow": 1536.0
      }
    },
    "ratios_table": {
      "2014-03-31": {
        "Debtor Days": 46.0,
        "Inventory Days": null,
        "Days Payable": null,
        "Cash Conversion Cycle": 46.0,
        "Working Capital Days": -105.0,
        "ROCE_Percent": 8.0
      },
      "2015-03-31": {
        "Debtor Days": 60.0,
        "Inventory Days": null,
        "Days Payable": null,
        "Cash Conversion Cycle": 60.0,
        "Working Capital Days": -90.0,
        "ROCE_Percent": 9.0
      },
      "2016-03-31": {
        "Debtor Days": 44.0,
        "Inventory Days": null,
        "Days Payable": null,
        "Cash Conversion Cycle": 44.0,
        "Working Capital Days": -214.0,
        "ROCE_Percent": 5.0
      },
      "2017-03-31": {
        "Debtor Days": 51.0,
        "Inventory Days": null,
        "Days Payable": null,
        "Cash Conversion Cycle": 51.0,
        "Working Capital Days": -320.0,
        "ROCE_Percent": 9.0
      },
      "2018-03-31": {
        "Debtor Days": 38.0,
        "Inventory Days": null,
        "Days Payable": null,
        "Cash Conversion Cycle": 38.0,
        "Working Capital Days": 21.0,
        "ROCE_Percent": 6.0
      },
      "2019-03-31": {
        "Debtor Days": 54.0,
        "Inventory Days": null,
        "Days Payable": null,
        "Cash Conversion Cycle": 54.0,
        "Working Capital Days": -174.0,
        "ROCE_Percent": 7.0
      },
      "2020-03-31": {
        "Debtor Days": 55.0,
        "Inventory Days": null,
        "Days Payable": null,
        "Cash Conversion Cycle": 55.0,
        "Working Capital Days": -152.0,
        "ROCE_Percent": 8.0
      },
      "2021-03-31": {
        "Debtor Days": 58.0,
        "Inventory Days": null,
        "Days Payable": null,
        "Cash Conversion Cycle": 58.0,
        "Working Capital Days": -204.0,
        "ROCE_Percent": 8.0
      },
      "2022-03-31": {
        "Debtor Days": 51.0,
        "Inventory Days": null,
        "Days Payable": null,
        "Cash Conversion Cycle": 51.0,
        "Working Capital Days": -180.0,
        "ROCE_Percent": 9.0
      },
      "2023-03-31": {
        "Debtor Days": 46.0,
        "Inventory Days": null,
        "Days Payable": null,
        "Cash Conversion Cycle": 46.0,
        "Working Capital Days": -168.0,
        "ROCE_Percent": 12.0
      },
      "2024-03-31": {
        "Debtor Days": 44.0,
        "Inventory Days": null,
        "Days Payable": null,
        "Cash Conversion Cycle": 44.0,
        "Working Capital Days": -145.0,
        "ROCE_Percent": 11.0
      },
      "2025-03-31": {
        "Debtor Days": 32.0,
        "Inventory Days": null,
        "Days Payable": null,
        "Cash Conversion Cycle": 32.0,
        "Working Capital Days": -159.0,
        "ROCE_Percent": 11.0
      }
    }
  },
  "shareholding": {
    "Promoters": 46.86,
    "FIIs": 10.0,
    "DIIs": 17.2,
    "Government": 0.32,
    "Public": 25.6,
    "No. of Shareholders": 4244116.0,
    "as_of": "Dec 2025"
  },
  "sections_found": [
    "Quarterly Results",
    "Profit & Loss",
    "Balance Sheet",
    "Cash Flows",
    "Ratios",
    "Shareholding Pattern"
  ],
  "confidence": 100,
  "source_url": "https://www.screener.in/company/TATAPOWER/consolidated/",
  "scraper_version": "3.0.0",
  "scraped_at": "2026-02-16T01:47:24.461432"
}